

@article{hedges1989,
	title = {An unbiased correction for sampling error in validity generalization studies},
	author = {Hedges, Larry V.},
	year = {1989},
	month = {06},
	date = {1989-06},
	journal = {Journal of Applied Psychology},
	pages = {469--477},
	volume = {74},
	number = {3},
	doi = {10.1037/0021-9010.74.3.469},
	url = {https://ezproxy.lib.uconn.edu/login?url=https://search.ebscohost.com/login.aspx?direct=true&db=pdh&AN=1989-31716-001&site=ehost-live&scope=site},
	note = {Publisher: American Psychological Association}
}

@article{lin2018,
	title = {Bias caused by sampling error in meta-analysis with small sample sizes},
	author = {Lin, Lifeng},
	year = {2018},
	month = {09},
	date = {2018-09-13},
	journal = {PLOS ONE},
	pages = {e0204056},
	volume = {13},
	number = {9},
	doi = {10.1371/journal.pone.0204056},
	url = {https://journals.plos.org/plosone/article?id=10.1371/journal.pone.0204056},
	note = {Publisher: Public Library of Science},
	langid = {en}
}

@article{hedges1981,
	title = {Distribution Theory for Glass's Estimator of Effect size and Related Estimators},
	author = {Hedges, Larry V.},
	year = {1981},
	month = {06},
	date = {1981-06-01},
	journal = {Journal of Educational Statistics},
	pages = {107--128},
	volume = {6},
	number = {2},
	doi = {10.3102/10769986006002107},
	url = {https://doi.org/10.3102/10769986006002107},
	note = {Publisher: American Educational Research Association},
	langid = {en}
}

@article{fisher1915,
	title = {Frequency Distribution of the Values of the Correlation Coefficient in Samples from an Indefinitely Large Population},
	author = {Fisher, R. A.},
	year = {1915},
	date = {1915},
	journal = {Biometrika},
	pages = {507--521},
	volume = {10},
	number = {4},
	doi = {10.2307/2331838},
	url = {https://www.jstor.org/stable/2331838},
	note = {Publisher: [Oxford University Press, Biometrika Trust]}
}

@article{olkin1958,
	title = {Unbiased Estimation of Certain Correlation Coefficients},
	author = {Olkin, Ingram and Pratt, John W.},
	year = {1958},
	date = {1958},
	journal = {The Annals of Mathematical Statistics},
	pages = {201--211},
	volume = {29},
	number = {1},
	url = {https://www.jstor.org/stable/2237306},
	note = {Publisher: Institute of Mathematical Statistics}
}

@inbook{haertel2006,
	title = {3. Reliability},
	author = {Haertel, Edward H.},
	year = {2006},
	date = {2006},
	edition = {4},
	langid = {en}
}

@article{schmidt2003,
	title = {Beyond alpha: An empirical examination of the effects of different sources of measurement error on reliability estimates for measures of individual-differences constructs},
	author = {Schmidt, Frank L. and Le, Huy and Ilies, Remus},
	year = {2003},
	date = {2003},
	journal = {Psychological Methods},
	pages = {206--224},
	volume = {8},
	doi = {10.1037/1082-989X.8.2.206},
	note = {Place: US
Publisher: American Psychological Association}
}

@article{gliem2003,
	title = {Calculating, Interpreting, And Reporting Cronbach{\textquoteright}s Alpha Reliability Coefficient For Likert-Type Scales},
	author = {Gliem, Joseph A. and Gliem, Rosemary R.},
	year = {2003},
	date = {2003},
	url = {https://scholarworks.iupui.edu/handle/1805/344},
	note = {Accepted: 2005-08-15T16:27:50Z
Publisher: Midwest Research-to-Practice Conference in Adult, Continuing, and Community Education},
	langid = {en{\_}US}
}

@article{bobko2001,
	title = {Correcting the Effect Size of d for Range Restriction and Unreliability},
	author = {Bobko, Philip and Roth, Philip and Bobko, Christopher},
	year = {2001},
	month = {01},
	date = {2001-01-01},
	journal = {Organizational Research Methods - ORGAN RES METHODS},
	pages = {46--61},
	volume = {4},
	doi = {10.1177/109442810141003}
}

@article{mendoza1987,
	title = {Corrections for Attenuation and Range Restriction on the Predictor},
	author = {Mendoza, Jorge L. and Mumford, Michael},
	year = {1987},
	month = {09},
	date = {1987-09-01},
	journal = {Journal of Educational Statistics},
	pages = {282--293},
	volume = {12},
	number = {3},
	doi = {10.3102/10769986012003282},
	url = {https://doi.org/10.3102/10769986012003282},
	note = {Publisher: American Educational Research Association},
	langid = {en}
}

@article{brennan2010,
	title = {Generalizability Theory and Classical Test Theory},
	author = {Brennan, Robert   L.},
	year = {2010},
	month = {12},
	date = {2010-12-30},
	journal = {Applied Measurement in Education},
	pages = {1--21},
	volume = {24},
	number = {1},
	doi = {10.1080/08957347.2011.532417},
	url = {https://doi.org/10.1080/08957347.2011.532417},
	note = {Publisher: Routledge
{\_}eprint: https://doi.org/10.1080/08957347.2011.532417}
}

@book{viswanathan2005,
	title = {Measurement Error and Research Design},
	author = {Viswanathan, Madhu},
	year = {2005},
	month = {02},
	date = {2005-02-10},
	publisher = {SAGE},
	note = {Google-Books-ID: 2QhwMtkYmw0C},
	langid = {en}
}

@article{viswesvaran2014,
	title = {Measurement Error Obfuscates Scientific Knowledge: Path to Cumulative Knowledge Requires Corrections for Unreliability and Psychometric Meta-Analyses},
	author = {Viswesvaran, Chockalingam and Ones, Deniz S. and Schmidt, Frank L. and Le, Huy and Oh, In-Sue},
	year = {2014},
	month = {12},
	date = {2014-12},
	journal = {Industrial and Organizational Psychology},
	pages = {507--518},
	volume = {7},
	number = {4},
	doi = {10.1017/S1754942600006799},
	url = {https://www.cambridge.org/core/journals/industrial-and-organizational-psychology/article/abs/measurement-error-obfuscates-scientific-knowledge-path-to-cumulative-knowledge-requires-corrections-for-unreliability-and-psychometric-metaanalyses/A7170F6E318A08BC152F92D8E773D6AB},
	note = {Publisher: Cambridge University Press},
	langid = {en}
}

@article{sijtsma2009,
	title = {On the Use, the Misuse, and the Very Limited Usefulness of Cronbach{\textquoteright}s Alpha},
	author = {Sijtsma, Klaas},
	year = {2009},
	month = {03},
	date = {2009-03-01},
	journal = {Psychometrika},
	pages = {107--120},
	volume = {74},
	number = {1},
	doi = {10.1007/s11336-008-9101-0},
	url = {https://doi.org/10.1007/s11336-008-9101-0},
	langid = {en}
}

@article{charles2005,
	title = {The Correction for Attenuation Due to Measurement Error: Clarifying Concepts and Creating Confidence Sets.},
	author = {Charles, Eric},
	year = {2005},
	month = {07},
	date = {2005-07-01},
	journal = {Psychological methods},
	pages = {206--26},
	volume = {10},
	doi = {10.1037/1082-989X.10.2.206}
}

@article{spearman1904,
	title = {The proof and measurement of association between two things},
	author = {Spearman, C},
	year = {1904},
	month = {10},
	date = {1904-10-01},
	journal = {International Journal of Epidemiology},
	pages = {1137--1150},
	volume = {39},
	number = {5},
	doi = {10.1093/ije/dyq191},
	url = {https://doi.org/10.1093/ije/dyq191}
}

@article{naggara2011,
	title = {Analysis by Categorizing or Dichotomizing Continuous Variables Is Inadvisable: An Example from the Natural History of Unruptured Aneurysms},
	author = {Naggara, O. and Raymond, J. and Guilbert, F. and Roy, D. and Weill, A. and Altman, D. G.},
	year = {2011},
	month = {03},
	date = {2011-03-01},
	journal = {American Journal of Neuroradiology},
	pages = {437--440},
	volume = {32},
	number = {3},
	doi = {10.3174/ajnr.A2425},
	url = {https://www.ajnr.org/content/32/3/437},
	note = {Publisher: American Journal of Neuroradiology
Section: Research Perspectives
PMID: 21330400},
	langid = {en}
}

@article{russell1991,
	title = {Appropriate Moderated Regression and Inappropriate Research Strategy: A Demonstration of Information Loss Due to Scale Coarseness},
	author = {Russell, Craig J. and Pinto, Jeffrey K. and Bobko, Philip},
	year = {1991},
	month = {09},
	date = {1991-09-03},
	pages = {257--266},
	volume = {15},
	number = {3},
	doi = {10.1177/014662169101500305},
	url = {https://journals.sagepub.com/doi/epdf/10.1177/014662169101500305},
	note = {DOI: 10.1177/014662169101500305},
	langid = {en}
}

@article{digby1983,
	title = {Approximating the Tetrachoric Correlation Coefficient},
	author = {Digby, P. G. N.},
	year = {1983},
	date = {1983},
	journal = {Biometrics},
	pages = {753--757},
	volume = {39},
	number = {3},
	doi = {10.2307/2531104},
	url = {https://www.jstor.org/stable/2531104},
	note = {Publisher: [Wiley, International Biometric Society]}
}

@article{maxwell1993,
	title = {Bivariate Median Splits and Spurious Statistical Significance},
	author = {Maxwell, Scott and Delaney, Harold},
	year = {1993},
	month = {01},
	date = {1993-01-01},
	journal = {Psychological Bulletin},
	pages = {181--190},
	volume = {113},
	doi = {10.1037/0033-2909.113.1.181}
}

@article{hunter1990,
	title = {Dichotomization of Continuous Variables: The Implications for Meta-Analysis},
	author = {Hunter, {John} and Schmidt, {Frank}},
	year = {1990},
	month = {06},
	date = {1990-06-01},
	journal = {Journal of Applied Psychology},
	pages = {334--349},
	volume = {75},
	doi = {10.1037/0021-9010.75.3.334}
}

@article{vargha1996,
	title = {Dichotomization, Partial Correlation, and Conditional Independence},
	author = {Vargha, {András} and Rudas, {Tamás} and Delaney, Harold D. and Maxwell, Scott E.},
	year = {1996},
	date = {1996},
	journal = {Journal of Educational and Behavioral Statistics},
	pages = {264--282},
	volume = {21},
	number = {3},
	doi = {10.2307/1165272},
	url = {https://www.jstor.org/stable/1165272},
	note = {Publisher: [American Educational Research Association, Sage Publications, Inc., American Statistical Association]}
}

@article{royston2006,
	title = {Dichotomizing continuous predictors in multiple regression: a bad idea},
	author = {Royston, Patrick and Altman, Douglas G. and Sauerbrei, Willi},
	year = {2006},
	date = {2006},
	journal = {Statistics in Medicine},
	pages = {127--141},
	volume = {25},
	number = {1},
	doi = {10.1002/sim.2331},
	url = {https://onlinelibrary.wiley.com/doi/abs/10.1002/sim.2331},
	note = {{\_}eprint: https://onlinelibrary.wiley.com/doi/pdf/10.1002/sim.2331},
	langid = {en}
}

@inbook{peters1940,
	title = {Further methods of correlation},
	author = {Peters, Charles C. and Voorhis, Walter R. Van},
	year = {1940},
	date = {1940},
	publisher = {McGraw-Hill Book Company},
	pages = {362--403},
	doi = {10.1037/13596-013},
	note = {DOI: 10.1037/13596-013},
	address = {New York, NY, US}
}

@article{bonett2005,
	title = {Inferential Methods for the Tetrachoric Correlation Coefficient},
	author = {Bonett, Douglas G. and Price, Robert M.},
	year = {2005},
	date = {2005},
	journal = {Journal of Educational and Behavioral Statistics},
	pages = {213--225},
	volume = {30},
	number = {2},
	url = {https://www.jstor.org/stable/3701350},
	note = {Publisher: [American Educational Research Association, Sage Publications, Inc., American Statistical Association]}
}

@article{ulrich2004,
	title = {On the correlation of a naturally and an artificially dichotomized variable},
	author = {Ulrich, Rolf and Wirtz, Markus},
	year = {2004},
	date = {2004},
	journal = {British Journal of Mathematical and Statistical Psychology},
	pages = {235--251},
	volume = {57},
	number = {2},
	doi = {10.1348/0007110042307203},
	url = {https://onlinelibrary.wiley.com/doi/abs/10.1348/0007110042307203},
	note = {{\_}eprint: https://onlinelibrary.wiley.com/doi/pdf/10.1348/0007110042307203},
	langid = {en}
}

@article{muthén1988,
	title = {Testing the assumptions underlying tetrachoric correlations},
	author = {{Muthén}, Bengt and Hofacker, Charles},
	year = {1988},
	month = {12},
	date = {1988-12-01},
	journal = {Psychometrika},
	pages = {563--577},
	volume = {53},
	number = {4},
	doi = {10.1007/BF02294408},
	url = {https://doi.org/10.1007/BF02294408},
	langid = {en}
}

@article{symonds1924,
	title = {On the Loss of Reliability in Ratings Due to Coarseness of the Scale.},
	author = {Symonds, P. M.},
	year = {1924},
	month = {12},
	date = {1924-12},
	journal = {Journal of Experimental Psychology},
	pages = {456--461},
	volume = {7},
	number = {6},
	doi = {10.1037/h0074469},
	url = {http://doi.apa.org/getdoi.cfm?doi=10.1037/h0074469},
	langid = {en}
}

@article{maccallum2002,
	title = {On the practice of dichotomization of quantitative variables},
	author = {MacCallum, Robert C. and Zhang, Shaobo and Preacher, Kristopher J. and Rucker, Derek D.},
	year = {2002},
	date = {2002},
	journal = {Psychological Methods},
	pages = {19--40},
	volume = {7},
	doi = {10.1037/1082-989X.7.1.19},
	note = {Place: US
Publisher: American Psychological Association}
}

@article{aguinis2009,
	title = {Scale Coarseness as a Methodological Artifact},
	author = {Aguinis, Herman and Pierce, Charles A and Culpepper, Steven A},
	year = {2009},
	month = {09},
	date = {2009-09-23},
	langid = {en}
}

@article{krieg1999,
	title = {Biases Induced by Coarse Measurement Scales},
	author = {Krieg, Edward F.},
	year = {1999},
	month = {10},
	date = {1999-10-01},
	journal = {Educational and Psychological Measurement},
	pages = {749--766},
	volume = {59},
	number = {5},
	doi = {10.1177/00131649921970125},
	url = {https://doi.org/10.1177/00131649921970125},
	note = {Publisher: SAGE Publications Inc},
	langid = {en}
}

@article{chyou2007,
	title = {Patterns of bias due to differential misclassification by case{\textendash}control status in a case{\textendash}control study},
	author = {Chyou, Po-Huang},
	year = {2007},
	month = {01},
	date = {2007-01-01},
	journal = {European Journal of Epidemiology},
	pages = {7--17},
	volume = {22},
	number = {1},
	doi = {10.1007/s10654-006-9078-x},
	url = {https://doi.org/10.1007/s10654-006-9078-x},
	langid = {en}
}

@article{wiernik2020,
	title = {Obtaining Unbiased Results in Meta-Analysis: The Importance of Correcting for Statistical Artifacts},
	author = {Wiernik, Brenton M. and Dahlke, Jeffrey A.},
	year = {2020},
	month = {03},
	date = {2020-03-01},
	journal = {Advances in Methods and Practices in Psychological Science},
	pages = {94--123},
	volume = {3},
	number = {1},
	doi = {10.1177/2515245919885611},
	url = {https://doi.org/10.1177/2515245919885611},
	note = {Publisher: SAGE Publications Inc},
	langid = {en}
}

@book{hunter1990a,
	title = {Methods of meta-analysis: correcting error and bias in research findings (third)},
	author = {Hunter, John E. and Schmidt, Frank L.},
	year = {2015},
	date = {2015},
	edition = {Third},
	isbn = {978-1-4522-8689-1},
	publisher = {Sage Publications},
	address = {Thousand Oaks, California},
	langid = {eng}
}

@article{sackett2000,
	title = {Correction for range restriction: An expanded typology},
	author = {Sackett, Paul R. and Yang, Hyuckseung},
	year = {2000},
	month = {02},
	date = {2000-02},
	journal = {Journal of Applied Psychology},
	pages = {112--118},
	volume = {85},
	number = {1},
	doi = {10.1037/0021-9010.85.1.112},
	url = {https://ezproxy.lib.uconn.edu/login?url=https://search.ebscohost.com/login.aspx?direct=true&db=pdh&AN=2000-03754-011&site=ehost-live&scope=site},
	note = {Publisher: American Psychological Association}
}

@article{law1994,
	title = {Nonlinearity of Range Corrections in Meta-Analysis: Test of an Improved Procedure},
	author = {Law, Kenneth and Schmidt, Frank and Hunter, John},
	year = {1994},
	month = {12},
	date = {1994-12-01},
	journal = {Journal of Applied Psychology},
	pages = {978--986},
	volume = {79},
	doi = {10.1037/0021-9010.79.6.978}
}

@book{thorndike1949,
	title = {Personnel selection; test and measurement techniques},
	author = {Thorndike, Robert L.},
	year = {1949},
	date = {1949},
	publisher = {Wiley},
	series = {Personnel selection; test and measurement techniques},
	note = {Pages: viii, 358},
	address = {Oxford, England}
}

@article{dahlke2020,
	title = {Not Restricted to Selection Research: Accounting for Indirect Range Restriction in Organizational Research},
	author = {Dahlke, Jeffrey A. and Wiernik, Brenton M.},
	year = {2020},
	month = {10},
	date = {2020-10-01},
	journal = {Organizational Research Methods},
	pages = {717--749},
	volume = {23},
	number = {4},
	doi = {10.1177/1094428119859398},
	url = {https://doi.org/10.1177/1094428119859398},
	note = {Publisher: SAGE Publications Inc},
	langid = {en}
}

@article{borenstein2010,
	title = {A basic introduction to fixed-effect and random-effects models for meta-analysis},
	author = {Borenstein, Michael and Hedges, Larry V. and Higgins, Julian P.T. and Rothstein, Hannah R.},
	year = {2010},
	date = {2010},
	journal = {Research Synthesis Methods},
	pages = {97--111},
	volume = {1},
	number = {2},
	doi = {10.1002/jrsm.12},
	url = {https://onlinelibrary.wiley.com/doi/abs/10.1002/jrsm.12},
	note = {{\_}eprint: https://onlinelibrary.wiley.com/doi/pdf/10.1002/jrsm.12},
	langid = {en}
}

@article{hartung1999,
	title = {An Alternative Method for Meta-Analysis},
	author = {Hartung, Joachim},
	year = {1999},
	date = {1999},
	journal = {Biometrical Journal},
	pages = {901--916},
	volume = {41},
	number = {8},
	doi = {10.1002/(SICI)1521-4036(199912)41:8<901::AID-BIMJ901>3.0.CO;2-W},
	url = {https://onlinelibrary.wiley.com/doi/abs/10.1002/%28SICI%291521-4036%28199912%2941%3A8%3C901%3A%3AAID-BIMJ901%3E3.0.CO%3B2-W},
	note = {{\_}eprint: https://onlinelibrary.wiley.com/doi/pdf/10.1002/%28SICI%291521-4036%28199912%2941%3A8%3C901%3A%3AAID-BIMJ901%3E3.0.CO%3B2-W},
	langid = {en}
}

@book{thehand2009,
	title = {The handbook of research synthesis and meta-analysis},
	editor = {Cooper, Harris M. and Hedges, Larry V. and Valentine, Jeff C.},
	year = {2009},
	date = {2009},
	publisher = {Russell Sage Foundation},
	edition = {2nd ed},
	note = {OCLC: ocn264670503},
	address = {New York},
	langid = {en}
}

@article{schmidt1977,
	title = {Development of a General Solution to the Problem of Validity Generalization},
	author = {Schmidt, Frank and Hunter, John},
	year = {1977},
	month = {10},
	date = {1977-10-01},
	journal = {Journal of Applied Psychology},
	pages = {529--540},
	volume = {62},
	doi = {10.1037/0021-9010.62.5.529}
}

@book{murphy2003,
	title = {Validity Generalization: A Critical Review},
	author = {Murphy, Kevin R.},
	year = {2003},
	date = {2003},
	publisher = {Psychology Press},
	note = {Google-Books-ID: e1C{\_}jejmYwAC},
	langid = {en}
}

@article{viswesvaran1995,
	title = {Theory Testing: Combining Psychometric Meta-Analysis and Structural Equations Modeling},
	author = {Viswesvaran, Chockalingam and Ones, Deniz S.},
	year = {1995},
	date = {1995},
	journal = {Personnel Psychology},
	pages = {865--885},
	volume = {48},
	number = {4},
	doi = {10.1111/j.1744-6570.1995.tb01784.x},
	url = {https://onlinelibrary.wiley.com/doi/abs/10.1111/j.1744-6570.1995.tb01784.x},
	note = {{\_}eprint: https://onlinelibrary.wiley.com/doi/pdf/10.1111/j.1744-6570.1995.tb01784.x},
	langid = {en}
}

@article{raju1983,
	title = {Two procedures for studying validity generalization},
	author = {Raju, Nambury and Burke, Michael},
	year = {1983},
	month = {08},
	date = {1983-08-01},
	journal = {Journal of Applied Psychology},
	pages = {382--395},
	volume = {68},
	doi = {10.1037/0021-9010.68.3.382}
}

@article{callender1980,
	title = {Development and test of a new model for validity generalization},
	author = {Callender, John C. and Osburn, H. G.},
	year = {1980},
	month = {10},
	date = {1980-10},
	journal = {Journal of Applied Psychology},
	pages = {543--558},
	volume = {65},
	number = {5},
	doi = {10.1037/0021-9010.65.5.543},
	url = {https://ezproxy.lib.uconn.edu/login?url=https://search.ebscohost.com/login.aspx?direct=true&db=pdh&AN=1981-00257-001&site=ehost-live&scope=site},
	note = {Publisher: American Psychological Association}
}

@article{dersimonian2007,
	title = {Random-Effects Model for Meta-analysis of Clinical Trials: An Update},
	author = {DerSimonian, Rebecca and Kacker, Raghu N.},
	year = {2007},
	month = {01},
	date = {2007-01-01},
	journal = {NIST},
	pages = {105--114},
	volume = {28},
	url = {https://www.nist.gov/publications/random-effects-model-meta-analysis-clinical-trials-update},
	note = {Last Modified: 2021-10-12T11:10-04:00
Publisher: Rebecca DerSimonian, Raghu N. Kacker},
	langid = {en}
}

@article{roth2015,
	title = {Intelligence and school grades: A meta-analysis},
	author = {Roth, Bettina},
	year = {2015},
	date = {2015},
	langid = {en}
}

@article{vanaarde2017,
	title = {The validity of the Big Five personality traits for job performance: Meta{-}analyses of South African studies},
	author = {Van Aarde, Ninette and Meiring, Deon and Wiernik, Brenton M.},
	year = {2017},
	month = {09},
	date = {2017-09},
	journal = {International Journal of Selection and Assessment},
	pages = {223--239},
	volume = {25},
	number = {3},
	doi = {10.1111/ijsa.12175},
	url = {https://onlinelibrary.wiley.com/doi/10.1111/ijsa.12175},
	langid = {en}
}

@article{hunter,
	title = {Validity and Utility of Alternative Predictors of Job Performance},
	author = {Hunter, John E and Hunter, Ronda F},
	langid = {en}
}

@article{psychmeta,
	title = {psychmeta: An R Package for Psychometric Meta-Analysis},
	author = {Dahlke, Jeffrey A. and Wiernik, Brenton M.},
	year = {2019},
	month = {07},
	date = {2019-07-01},
	journal = {Applied Psychological Measurement},
	pages = {415--416},
	volume = {43},
	number = {5},
	doi = {10.1177/0146621618795933},
	url = {https://doi.org/10.1177/0146621618795933},
	note = {Publisher: SAGE Publications Inc},
	langid = {en}
}

@Manual{dplyr,
    title = {dplyr: A Grammar of Data Manipulation},
    author = {Hadley Wickham and Romain François and Lionel Henry and Kirill Müller and Davis Vaughan},
    year = {2023},
    note = {R package version 1.1.4},
    url = {https://CRAN.R-project.org/package=dplyr},
  }

@article{kuder1937,
	title = {The theory of the estimation of test reliability},
	author = {Kuder, G. F. and Richardson, M. W.},
	year = {1937},
	month = {09},
	date = {1937-09-01},
	journal = {Psychometrika},
	pages = {151--160},
	volume = {2},
	number = {3},
	doi = {10.1007/BF02288391},
	url = {https://doi.org/10.1007/BF02288391},
	langid = {en}
}

@article{galton1907,
	title = {Vox Populi},
	author = {Galton, Francis},
	year = {1907},
	month = {03},
	date = {1907-03-01},
	journal = {Nature},
	pages = {450--451},
	volume = {75},
	number = {1949},
	doi = {10.1038/075450a0},
	url = {https://www.nature.com/articles/075450a0},
	note = {Number: 1949
Publisher: Nature Publishing Group},
	langid = {en}
}

@book{bravais1844,
	title = {Analyse mathématique sur les probabilités des erreurs de situation d'un point},
	author = {Bravais, A.},
	year = {1844},
	date = {1844},
	publisher = {Impr. Royale},
	note = {Google-Books-ID: y3s{\_}AAAAcAAJ},
	langid = {fr}
}

@book{cohen2013,
	title = {Statistical Power Analysis for the Behavioral Sciences},
	author = {Cohen, Jacob},
	year = {2013},
	month = {09},
	date = {2013-09-03},
	publisher = {Academic Press},
	note = {Google-Books-ID: rEe0BQAAQBAJ},
	langid = {en}
}

@book{cohen1977,
	title = {Statistical Power Analysis for the Behavioral Sciences},
	author = {Cohen, Jacob},
	year = {2013},
	month = {09},
	date = {2013-09-03},
	publisher = {Academic Press},
	note = {Google-Books-ID: rEe0BQAAQBAJ},
	langid = {en}
}

@book{cohen1988,
	title = {Statistical Power Analysis for the Behavioral Sciences},
	author = {Cohen, Jacob},
	year = {1988},
	month = {09},
	date = {1988-09-03},
	publisher = {Academic Press},
	note = {Google-Books-ID: rEe0BQAAQBAJ},
	langid = {en}
}

@article{glass,
	title = {Meta-analysis in social research},
	author = {Glass, Gene V.},
	journal = {(No Title)},
	url = {https://cir.nii.ac.jp/crid/1130000795088566912},
	langid = {en}
}

@article{glass1981,
	title = {Meta-analysis in social research},
	author = {Glass, Gene V.},
	year = {1981},
	date = {1981},
	journal = {(No Title)},
	url = {https://cir.nii.ac.jp/crid/1130000795088566912},
	langid = {en}
}

@article{borsboom2002,
	title = {True scores, latent variables, and constructs: A comment on Schmidt and Hunter},
	author = {Borsboom, Denny and Mellenbergh, Gideon J},
	year = {2002},
	date = {2002},
	langid = {en}
}

@article{borsboom2004,
	title = {The Concept of Validity.},
	author = {Borsboom, Denny and Mellenbergh, Gideon J. and Van Heerden, Jaap},
	year = {2004},
	date = {2004},
	journal = {Psychological Review},
	pages = {1061--1071},
	volume = {111},
	number = {4},
	doi = {10.1037/0033-295X.111.4.1061},
	url = {http://doi.apa.org/getdoi.cfm?doi=10.1037/0033-295X.111.4.1061},
	langid = {en}
}

@book{kelley1927,
	title = {Interpretation of Educational Measurements},
	author = {Kelley, Truman Lee},
	year = {1927},
	date = {1927},
	publisher = {World Book Company},
	note = {Google-Books-ID: bcMIAQAAIAAJ},
	langid = {en}
}

@article{cronbach1955,
	title = {Construct validity in psychological tests},
	author = {Cronbach, Lee J. and Meehl, Paul E.},
	year = {1955},
	date = {1955},
	journal = {Psychological Bulletin},
	pages = {281--302},
	volume = {52},
	number = {4},
	doi = {10.1037/h0040957},
	note = {Place: US
Publisher: American Psychological Association}
}

@Manual{psych,
    title = {psych: Procedures for Psychological, Psychometric, and Personality Research},
    author = {Revelle, William},
    organization = {Northwestern University},
    address = {Evanston, Illinois},
    year = {2023},
    note = {R package version 2.3.3},
    url = {https://CRAN.R-project.org/package=psych},
}

@article{pearson1913,
	title = {On the Probable Error of a Coefficient of Correlation as Found from a Fourfold Table},
	author = {Pearson, Karl},
	year = {1913},
	date = {1913},
	journal = {Biometrika},
	pages = {22--33},
	volume = {9},
	number = {1/2},
	doi = {10.2307/2331798},
	url = {https://www.jstor.org/stable/2331798},
	note = {Publisher: [Oxford University Press, Biometrika Trust]}
}

@book{wechsler2008,
	title = {Wechsler Adult Intelligence Scale--Fourth Edition},
	author = {Wechsler, David},
	year = {2008},
	date = {2008},
	edition = {4},
	url = {https://doi.org/10.1037/t15169-000}
}

@article{taylor1976,
	title = {The Missing Middle in Validation Research},
	author = {Taylor, Erwin K. and Griess, Thomas},
	year = {1976},
	month = {03},
	date = {1976-03},
	journal = {Personnel Psychology},
	pages = {5--11},
	volume = {29},
	number = {1},
	doi = {10.1111/j.1744-6570.1976.tb00397.x},
	url = {https://onlinelibrary.wiley.com/doi/10.1111/j.1744-6570.1976.tb00397.x},
	langid = {en}
}

@article{pearson1903,
	title = {I. Mathematical contributions to the theory of evolution. {\textemdash}XI. On the influence of natural selection on the variability and correlation of organs},
	author = {Pearson, Karl},
	year = {1903},
	month = {01},
	date = {1903-01},
	journal = {Philosophical Transactions of the Royal Society of London. Series A, Containing Papers of a Mathematical or Physical Character},
	pages = {1--66},
	volume = {200},
	number = {321-330},
	doi = {10.1098/rsta.1903.0001},
	url = {https://royalsocietypublishing.org/doi/10.1098/rsta.1903.0001},
	langid = {en}
}

@article{viechtbauer2010,
	title = {Conducting meta-analyses in R with the metafor package},
	author = {Viechtbauer, Wolfgang},
	year = {2010},
	month = {08},
	date = {2010-08-01},
	journal = {Journal of Statistical Software},
	pages = {1--48},
	volume = {36},
	number = {3},
	doi = {10.18637/jss.v036.i03},
	url = {https://lirias.kuleuven.be/1059637},
	note = {Publisher: UCLA Statistics},
	langid = {eng}
}

@book{hedges1985,
	title = {Statistical methods for meta-analysis},
	author = {Hedges, Larry V. and Olkin, Ingram},
	year = {1985},
	date = {1985},
	publisher = {Academic press},
	url = {https://books.google.com/books?hl=en&lr=&id=7GviBQAAQBAJ&oi=fnd&pg=PP1&dq=info:e6P1zfh2T6QJ:scholar.google.com&ots=Dx-YqN6_9B&sig=-39HgbYdWPp_BwSTzA9cRODs2Q0}
}

@article{hedges1998,
	title = {Fixed- and random-effects models in meta-analysis},
	author = {Hedges, Larry V. and Vevea, Jack L.},
	year = {1998},
	date = {1998},
	journal = {Psychological Methods},
	pages = {486--504},
	volume = {3},
	number = {4},
	doi = {10.1037/1082-989X.3.4.486},
	note = {Place: US
Publisher: American Psychological Association}
}

@article{sanchez-meca1998,
	title = {Weighting by Inverse Variance or by Sample Size in Meta-Analysis: A Simulation Study},
	author = {Sanchez-Meca, Julio and {Marín-Martínez}, Fulgencio},
	year = {1998},
	month = {04},
	date = {1998-04-01},
	journal = {Educational and Psychological Measurement},
	pages = {211--220},
	volume = {58},
	number = {2},
	doi = {10.1177/0013164498058002005},
	url = {https://doi.org/10.1177/0013164498058002005},
	note = {Publisher: SAGE Publications Inc}
}

@misc{viechtbauer,
	title = {Fixed-Effects and Random-Effects Models in Meta-Analysis},
	author = {Viechtbauer, Wolfgang},
	url = {https://wviechtb.github.io/metafor/index.html}
}

@article{zimmerman1977,
  title={Validity coefficients and correlated errors in test theory},
  author={Zimmerman, Donald W and Williams, Richard H},
  journal={The Journal of Experimental Education},
  volume={45},
  number={3},
  pages={4--9},
  year={1977},
  publisher={Taylor \& Francis}
}

@article{mosier1943,
  title={On the reliability of a weighted composite},
  author={Mosier, Charles I},
  journal={Psychometrika},
  volume={8},
  number={3},
  pages={161--168},
  year={1943},
  publisher={Springer}
}

@Manual{psychTools,
    title = {psychTools: Tools to Accompany the 'psych' Package for Psychological Research},
    author = {{William Revelle}},
    organization = {Northwestern University},
    address = {Evanston, Illinois},
    year = {2024},
    note = {R package version 2.4.3},
    url = {https://CRAN.R-project.org/package=psychTools},
  }

@article{laird1990,
	title = {Some Statistical Methods for Combining Experimental Results},
	author = {Laird, Nan M. and Mosteller, Frederick},
	year = {1990},
	month = {01},
	date = {1990-01},
	journal = {International Journal of Technology Assessment in Health Care},
	pages = {5--30},
	volume = {6},
	number = {1},
	doi = {10.1017/S0266462300008916},
	url = {https://www.cambridge.org/core/journals/international-journal-of-technology-assessment-in-health-care/article/abs/some-statistical-methods-for-combining-experimental-results/3167EA380C6BE7F19C8DD298E7403C7E#access-block},
	note = {Publisher: Cambridge University Press},
	langid = {en}
}

@article{johnson1995,
	title = {Comparison of Three Major Meta-Analytic Approaches},
	author = {Johnson, Blair T. and Mullen, Brian and Salas, Eduardo},
	year = {1995},
	month = {02},
	date = {1995-02},
	journal = {Journal of Applied Psychology},
	pages = {94--106},
	volume = {80},
	number = {1},
	doi = {10.1037/0021-9010.80.1.94},
	url = {https://ezproxy.lib.uconn.edu/login?url=https://search.ebscohost.com/login.aspx?direct=true&db=bth&AN=12422427&site=ehost-live},
	note = {Publisher: American Psychological Association}
}

@article{morris2014,
	title = {A Meta-Analysis of the Relationship Between Individual Assessments and Job Performance},
	author = {Morris, Scott and Daisley, Rebecca and Wheeler, Megan and Boyer, Peggy},
	year = {2014},
	month = {05},
	date = {2014-05-26},
	journal = {The Journal of applied psychology},
	volume = {100},
	doi = {10.1037/a0036938}
}

@article{brannick2019,
	title = {Bias and Precision of Alternate Estimators in Meta-Analysis: Benefits of Blending Schmidt-Hunter and Hedges Approaches},
	author = {Brannick, Michael T. and Potter, Sean M. and Benitez, Bryan and Morris, Scott B.},
	year = {2019},
	month = {04},
	date = {2019-04-01},
	journal = {Organizational Research Methods},
	pages = {490--514},
	volume = {22},
	number = {2},
	doi = {10.1177/1094428117741966},
	url = {https://doi.org/10.1177/1094428117741966},
	note = {Publisher: SAGE Publications Inc}
}

@article{whitener1990,
	title = {Confusion of Confidence Intervals and Credibility Intervals in Meta-Analysis},
	author = {Whitener, Ellen M.},
	year = {1990},
	month = {06},
	date = {1990-06},
	journal = {Journal of Applied Psychology},
	pages = {315--321},
	volume = {75},
	number = {3},
	doi = {10.1037/0021-9010.75.3.315},
	url = {https://ezproxy.lib.uconn.edu/login?url=https://search.ebscohost.com/login.aspx?direct=true&db=bth&AN=9406160025&site=ehost-live},
	note = {Publisher: American Psychological Association}
}

@article{vos2022,
	title = {Frequentist statistical inference without repeated sampling},
	author = {Vos, Paul and Holbert, Don},
	year = {2022},
	month = {03},
	date = {2022-03-11},
	journal = {Synthese},
	pages = {89},
	volume = {200},
	number = {2},
	doi = {10.1007/s11229-022-03560-x},
	url = {https://doi.org/10.1007/s11229-022-03560-x},
	langid = {en}
}

@article{mcdaniel1994,
	title = {The validity of employment interviews: A comprehensive review and meta-analysis},
	author = {McDaniel, Michael A. and Whetzel, Deborah L. and Schmidt, Frank L. and Maurer, Steven D.},
	year = {1994},
	date = {1994},
	journal = {Journal of Applied Psychology},
	pages = {599--616},
	volume = {79},
	number = {4},
	doi = {10.1037/0021-9010.79.4.599},
	note = {Place: US
Publisher: American Psychological Association}
}

@article{wylie1976,
	title = {Effects of Coarse Grouping and Skewed Marginal Distributions on the Pearson Product Moment Correlation Coefficient},
	author = {Wylie, Peter B.},
	year = {1976},
	month = {04},
	date = {1976-04-01},
	journal = {Educational and Psychological Measurement},
	pages = {1--7},
	volume = {36},
	number = {1},
	doi = {10.1177/001316447603600101},
	url = {https://doi.org/10.1177/001316447603600101},
	note = {Publisher: SAGE Publications Inc}
}


@Manual{palmerpenguins,
  title = {palmerpenguins: Palmer Archipelago (Antarctica) penguin data},
  author = {Allison Marie Horst and Alison Presmanes Hill and Kristen B Gorman},
  year = {2020},
  note = {R package version 0.1.0},
  doi = {10.5281/zenodo.3960218},
  url = {https://allisonhorst.github.io/palmerpenguins/},
}

@article{pearson1895,
	title = {Notes on the History of Correlation},
	author = {Pearson, Karl},
	year = {1895},
	date = {1895},
	journal = {Society of Biometricians and
 Mathematical Statisticians},
	doi = {10.2307/2331722},
	url = {https://www.jstor.org/stable/2331722},
}

@article{holtzman1950,
	title = {The Unbiased Estimate of the Population Variance and Standard Deviation},
	author = {Holtzman, Wayne H.},
	year = {1950},
	date = {1950},
	journal = {The American Journal of Psychology},
	pages = {615--617},
	volume = {63},
	number = {4},
	doi = {10.2307/1418879},
	url = {https://www.jstor.org/stable/1418879},
	note = {Publisher: University of Illinois Press}
}

@article{vankempen2000,
	title = {Mean and variance of ratio estimators used in fluorescence ratio imaging},
	author = {van Kempen, G.m.p. and van Vliet, L.j.},
	year = {2000},
	date = {2000},
	journal = {Cytometry},
	pages = {300--305},
	volume = {39},
	number = {4},
	doi = {10.1002/(SICI)1097-0320(20000401)39:4<300::AID-CYTO8>3.0.CO;2-O},
	url = {https://onlinelibrary.wiley.com/doi/abs/10.1002/%28SICI%291097-0320%2820000401%2939%3A4%3C300%3A%3AAID-CYTO8%3E3.0.CO%3B2-O},
	note = {{\_}eprint: https://onlinelibrary.wiley.com/doi/pdf/10.1002/%28SICI%291097-0320%2820000401%2939%3A4%3C300%3A%3AAID-CYTO8%3E3.0.CO%3B2-O},
	langid = {en}
}


@misc{marco2021,
  title = {Gamma function},
  author = {Taboga, Marco},
  year = {2021},
  howpublished = {\url{https://www.statlect.com/mathematical-tools/gamma-function}},
  note = {Accessed: 2023-11-19}
}


@Manual{irr,
    title = {irr: Various Coefficients of Interrater Reliability and Agreement},
    author = {Gamer, Matthias and Lemon, Jim and Fellows, Ian and Singh, Puspendra},
    year = {2019},
    note = {R package version 0.84.1},
    url = {https://CRAN.R-project.org/package=irr},
  }

@article{bobko1980,
	title = {Large Sample Estimators for Standard Errors of Functions of Correlation Coefficients},
	author = {Bobko, Philip and Rieck, Angela},
	year = {1980},
	month = {07},
	date = {1980-07-01},
	journal = {Applied Psychological Measurement},
	pages = {385--398},
	volume = {4},
	number = {3},
	doi = {10.1177/014662168000400309},
	url = {https://doi.org/10.1177/014662168000400309},
	note = {Publisher: SAGE Publications Inc}
}

@article{spearman1910,
	title = {Correlation calculated from faulty data},
	author = {Spearman, Charles},
	year = {1910},
	month = {10},
	date = {1910-10-01},
	journal = {British Journal of Psychology},
	pages = {271{\textendash}295},
	volume = {3},
	number = {3},
	url = {https://www.proquest.com/docview/1293688112/citation/7E133DC1091D4E47PQ/1},
	note = {Num Pages: 25
Place: London, etc., United Kingdom
Publisher: Cambridge University Press},
	langid = {English}
}

@article{rulon1939,
  title={A simplified procedure for determining the reliability of a test by split-halves},
  author={Rulon, Phillip J},
  journal={Harvard Educational Review},
  volume={9},
  number={1},
  pages={99--103},
  year={1939}
}

@article{brown1910,
	title = {Some Experimental Results in the Correlation of Mental Abilities1},
	author = {Brown, William},
	year = {1910},
	date = {1910},
	journal = {British Journal of Psychology, 1904-1920},
	pages = {296--322},
	volume = {3},
	number = {3},
	doi = {10.1111/j.2044-8295.1910.tb00207.x},
	url = {https://onlinelibrary.wiley.com/doi/abs/10.1111/j.2044-8295.1910.tb00207.x},
	note = {{\_}eprint: https://onlinelibrary.wiley.com/doi/pdf/10.1111/j.2044-8295.1910.tb00207.x},
	langid = {en}
}

@article{cronbach1951,
	title = {Coefficient alpha and the internal structure of tests},
	author = {Cronbach, Lee J.},
	year = {1951},
	month = {09},
	date = {1951-09-01},
	journal = {Psychometrika},
	pages = {297--334},
	volume = {16},
	number = {3},
	doi = {10.1007/BF02310555},
	url = {https://doi.org/10.1007/BF02310555},
	langid = {en}
}

@article{soper1914,
	title = {On the Probable Error of the Bi-Serial Expression for the Correlation Coefficient},
	author = {Soper, H. E.},
	year = {1914},
	date = {1914},
	journal = {Biometrika},
	pages = {384--390},
	volume = {10},
	number = {2/3},
	doi = {10.2307/2331789},
	url = {https://www.jstor.org/stable/2331789},
	note = {Publisher: [Oxford University Press, Biometrika Trust]}
}

@article{jacobs2017,
	title = {Estimation of the biserial correlation and its sampling variance for use in meta-analysis},
	author = {Jacobs, Perke and Viechtbauer, Wolfgang},
	year = {2017},
	date = {2017},
	journal = {Research Synthesis Methods},
	pages = {161--180},
	volume = {8},
	number = {2},
	doi = {10.1002/jrsm.1218},
	url = {https://onlinelibrary.wiley.com/doi/abs/10.1002/jrsm.1218},
	note = {{\_}eprint: https://onlinelibrary.wiley.com/doi/pdf/10.1002/jrsm.1218},
	langid = {en}
}

@article{kirk1973,
	title = {On the numerical approximation of the bivariate normal (tetrachoric) correlation coefficient},
	author = {Kirk, David B.},
	year = {1973},
	month = {06},
	date = {1973-06-01},
	journal = {Psychometrika},
	pages = {259--268},
	volume = {38},
	number = {2},
	doi = {10.1007/BF02291118},
	url = {https://doi.org/10.1007/BF02291118},
	langid = {en}
}

@book{cox1989,
	title = {Analysis of Binary Data},
	author = {Cox, D. R.},
	year = {1989},
	date = {1989},
	publisher = {Routledge},
	edition = {2},
	doi = {10.1201/9781315137391},
	note = {DOI: 10.1201/9781315137391},
	address = {New York}
}

@article{haddock1998,
	title = {Using odds ratios as effect sizes for meta-analysis of dichotomous data: A primer on methods and issues},
	author = {Haddock, C. Keith and Rindskopf, David and Shadish, William R.},
	year = {1998},
	date = {1998},
	journal = {Psychological Methods},
	pages = {339--353},
	volume = {3},
	number = {3},
	doi = {10.1037/1082-989X.3.3.339},
	note = {Place: US
Publisher: American Psychological Association}
}

@article{kroenke2003,
	title = {The Patient Health Questionnaire-2: Validity of a Two-Item Depression Screener},
	author = {Kroenke, Kurt and Spitzer, Robert L. and Williams, Janet B. W.},
	year = {2003},
	date = {2003},
	journal = {Medical Care},
	pages = {1284--1292},
	volume = {41},
	number = {11},
	url = {https://www.jstor.org/stable/3768417},
	note = {Publisher: Lippincott Williams & Wilkins}
}

@article{hunter2006,
	title = {Implications of direct and indirect range restriction for meta-analysis methods and findings},
	author = {Hunter, John E. and Schmidt, Frank L. and Le, Huy},
	year = {2006},
	date = {2006},
	journal = {Journal of Applied Psychology},
	pages = {594--612},
	volume = {91},
	number = {3},
	doi = {10.1037/0021-9010.91.3.594},
	note = {Place: US
Publisher: American Psychological Association}
}

@article{le2006,
	title = {Correcting for indirect range restriction in meta-analysis: Testing a new meta-analytic procedure},
	author = {Le, Huy and Schmidt, Frank L.},
	year = {2006},
	month = {12},
	date = {2006-12},
	journal = {Psychological Methods},
	pages = {416--438},
	volume = {11},
	number = {4},
	doi = {10.1037/1082-989X.11.4.416},
	url = {https://ezproxy.lib.uconn.edu/login?url=https://search.ebscohost.com/login.aspx?direct=true&db=pdh&AN=2006-22258-006&site=ehost-live},
	note = {Publisher: American Psychological Association}
}


@Manual{metadat,
    title = {metadat: Meta-Analysis Datasets},
    author = {Thomas White and Daniel Noble and Alistair Senior and W. Kyle Hamilton and Wolfgang Viechtbauer},
    year = {2022},
    note = {R package version 1.2-0},
    url = {https://CRAN.R-project.org/package=metadat},
}

@article{bangert-drowns2004,
	title = {The Effects of School-Based Writing-to-Learn Interventions on Academic Achievement: A Meta-Analysis},
	author = {Bangert-Drowns, Robert L and Hurley, Marlene M and Wilkinson, Barbara},
	year = {2004},
	month = {03},
	date = {2004-03-01},
	journal = {Review of Educational Research},
	pages = {29--58},
	volume = {74},
	number = {1},
	doi = {10.3102/00346543074001029},
	url = {https://doi.org/10.3102/00346543074001029},
	note = {Publisher: American Educational Research Association}
}

@article{lundberg2021,
	title = {What Is Your Estimand? Defining the Target Quantity Connects Statistical Evidence to Theory},
	author = {Lundberg, Ian and Johnson, Rebecca and Stewart, Brandon M.},
	year = {2021},
	month = {06},
	date = {2021-06-01},
	journal = {American Sociological Review},
	pages = {532--565},
	volume = {86},
	number = {3},
	doi = {10.1177/00031224211004187},
	url = {https://doi.org/10.1177/00031224211004187},
	note = {Publisher: SAGE Publications Inc}
}

@article{pearson1898,
	title = {Mathematical Contributions to the Theory of Evolution. IV. On the Probable Errors of Frequency Constants and on the Influence of Random Selection on Variation and Correlation. [Abstract]},
	author = {Pearson, Karl and Filon, L. N. G.},
	year = {1898},
	date = {1898},
	journal = {Proceedings of the Royal Society of London},
	pages = {173--176},
	volume = {62},
	url = {https://www.jstor.org/stable/115709},
	note = {Publisher: The Royal Society}
}

@article{bishara2017,
	title = {Confidence intervals for correlations when data are not normal},
	author = {Bishara, Anthony J. and Hittner, James B.},
	year = {2017},
	month = {02},
	date = {2017-02-01},
	journal = {Behavior Research Methods},
	pages = {294--309},
	volume = {49},
	number = {1},
	doi = {10.3758/s13428-016-0702-8},
	url = {https://doi.org/10.3758/s13428-016-0702-8},
	langid = {en}
}

@article{bishara2018,
	title = {Asymptotic confidence intervals for the Pearson correlation via skewness and kurtosis},
	author = {Bishara, Anthony J. and Li, Jiexiang and Nash, Thomas},
	year = {2018},
	date = {2018},
	journal = {British Journal of Mathematical and Statistical Psychology},
	pages = {167--185},
	volume = {71},
	number = {1},
	doi = {10.1111/bmsp.12113},
	url = {https://onlinelibrary.wiley.com/doi/abs/10.1111/bmsp.12113},
	note = {{\_}eprint: https://onlinelibrary.wiley.com/doi/pdf/10.1111/bmsp.12113},
	langid = {en}
}

@article{bishara2012,
	title = {Testing the significance of a correlation with nonnormal data: Comparison of Pearson, Spearman, transformation, and resampling approaches},
	author = {Bishara, Anthony J. and Hittner, James B.},
	year = {2012},
	date = {2012},
	journal = {Psychological Methods},
	pages = {399--417},
	volume = {17},
	number = {3},
	doi = {10.1037/a0028087},
	note = {Place: US
Publisher: American Psychological Association}
}

@article{azzalini1996,
	title = {The Multivariate Skew-Normal Distribution},
	author = {Azzalini, A. and Valle, A. Dalla},
	year = {1996},
	date = {1996},
	journal = {Biometrika},
	pages = {715--726},
	volume = {83},
	number = {4},
	url = {https://www.jstor.org/stable/2337278},
	note = {Publisher: [Oxford University Press, Biometrika Trust]}
}

@article{kibria2007,
	title = {A short review of multivariate t-distribution},
	author = {Kibria, B M Golam and Joarder, Anwar},
	year = {2007},
	month = {01},
	date = {2007-01-01},
	journal = {Journal of Statistical Research},
	pages = {256--422},
	volume = {40}
}

@Article{effectsize,
    title = {{e}ffectsize: Estimation of Effect Size Indices and Standardized Parameters},
    author = {Mattan S. Ben-Shachar and Daniel Lüdecke and Dominique Makowski},
    year = {2020},
    journal = {Journal of Open Source Software},
    volume = {5},
    number = {56},
    pages = {2815},
    publisher = {The Open Journal},
    doi = {10.21105/joss.02815},
    url = {https://doi.org/10.21105/joss.02815},
  }
  
  
  @Manual{psych,
    title = {psych: Procedures for Psychological, Psychometric, and Personality Research},
    author = {{William Revelle}},
    organization = {Northwestern University},
    address = {Evanston, Illinois},
    year = {2023},
    note = {R package version 2.3.3},
    url = {https://CRAN.R-project.org/package=psych},
  }


@MISC {Rnormal,
    TITLE = {Pearson&#39;s or Spearman&#39;s correlation with non-normal data},
    AUTHOR = {Rob J. Hyndman},
    YEAR = {2010},
    HOWPUBLISHED = {Cross Validated},
    NOTE = {URL:https://stats.stackexchange.com/q/3733 (version: 2010-10-19)},
    EPRINT = {https://stats.stackexchange.com/q/3733},
    URL = {https://stats.stackexchange.com/q/3733}
}
@article{goulet-pelletier2018,
	title = {A review of effect sizes and their confidence intervals, Part I: The Cohen{\textquoteright}s d family},
	author = {Goulet-Pelletier, Jean-Christophe and Cousineau, Denis},
	year = {2018},
	date = {2018},
	journal = {The Quantitative Methods for Psychology},
	pages = {242--265},
	volume = {14},
	number = {4},
	doi = {10.20982/tqmp.14.4.p242},
	note = {Place: Canada
Publisher: The Quantitative Methods for Psychology}
}

@article{barraza2019,
	title = {General concepts in biostatistics and clinical epidemiology: Random error and systematic error},
	author = {Barraza, Felipe and Arancibia, Marcelo and Madrid, Eva and Papuzinski, Cristian},
	year = {2019},
	month = {08},
	date = {2019-08-27},
	journal = {Medwave},
	pages = {e7687},
	volume = {19},
	number = {7},
	doi = {10.5867/medwave.2019.07.7687},
	note = {PMID: 31584929},
	langid = {spa, eng}
}

@article{gnambs2023,
	title = {A Brief Note on the Standard Error of the Pearson Correlation},
	author = {Gnambs, Timo},
	year = {2023},
	month = {09},
	date = {2023-09-06},
	journal = {Collabra: Psychology},
	pages = {87615},
	volume = {9},
	number = {1},
	doi = {10.1525/collabra.87615},
	url = {https://doi.org/10.1525/collabra.87615}
}

@article{raju1991,
	title = {A New Meta-Analytic Approach},
	author = {Raju, Nambury and Burke, Michael and Normand, Jacques and Langlois, George},
	year = {1991},
	month = {06},
	date = {1991-06-01},
	journal = {Journal of Applied Psychology},
	pages = {432--446},
	volume = {76},
	doi = {10.1037/0021-9010.76.3.432}
}

@article{zepeda-tello,
	title = {The Delta-Method and Influence Function in Medical Statistics: a Reproducible Tutorial},
	author = {Zepeda-Tello, Rodrigo and Schomaker, Michael and Maringe, Camille and Smith, Matthew J. and Belot, Aurelien and Rachet, Bernard and Schnitzer, Mireille E. and Luque-Fernandez, Miguel Angel},
	doi = {10.48550/arXiv.2206.15310},
	year = {2022}
}

@article{rubin1992,
	title = {Meta-Analysis: Literature Synthesis or Effect-Size Surface Estimation?},
	author = {Rubin, Donald B.},
	year = {1992},
	month = {12},
	date = {1992-12-01},
	journal = {Journal of Educational Statistics},
	pages = {363--374},
	volume = {17},
	number = {4},
	doi = {10.3102/10769986017004363},
	url = {https://doi.org/10.3102/10769986017004363},
	note = {Publisher: American Educational Research Association},
	langid = {en}
}

@book{jané2024,
	title = {Guide to Effect Sizes and Confidence Intervals},
	author = {{Jané}, Matthew and Xiao, Qinyu and Yeung, Siu Kit and Ben Shachar, Mattan and Caldwell, Aaron and Cousineau, Denis and Dunleavy, Daniel and Elsherif, Mahmoud and Johnson, Blair and Moreau, David and Riesthuis, Paul and {Röseler}, Lukas and Steele, James and Vieira, Felipe and Zloteanu, Mircea and Feldman, Gilad},
	year = {2024},
	month = {01},
	date = {2024-01-11},
	doi = {10.17605/OSF.IO/D8C4G},
	note = {DOI: 10.17605/OSF.IO/D8C4G}
}

@article{kroc2019,
	title = {Calibration of Measurements},
	author = {Kroc, Edward and Zumbo, Bruno},
	year = {2019},
	month = {04},
	date = {2019-04-16},
	journal = {Journal of Modern Applied Statistical Methods},
	volume = {17},
	number = {2},
	doi = {10.22237/jmasm/1555355848},
	url = {https://digitalcommons.wayne.edu/jmasm/vol17/iss2/17}
}

@article{kroc2020,
	title = {A transdisciplinary view of measurement error models and the variations of X=T+E},
	author = {Kroc, Edward and Zumbo, Bruno D.},
	year = {2020},
	month = {09},
	date = {2020-09-01},
	journal = {Journal of Mathematical Psychology},
	pages = {102372},
	volume = {98},
	doi = {10.1016/j.jmp.2020.102372},
	url = {https://www.sciencedirect.com/science/article/pii/S0022249620300407}
}

@article{kroc2023,
	title = {Generalized measurement error: Intrinsic and incidental measurement error},
	author = {Kroc, Edward},
	year = {2023},
	month = {06},
	date = {2023-06-29},
	journal = {PLOS ONE},
	pages = {e0286680},
	volume = {18},
	number = {6},
	doi = {10.1371/journal.pone.0286680},
	url = {https://journals.plos.org/plosone/article?id=10.1371/journal.pone.0286680},
	note = {Publisher: Public Library of Science},
	langid = {en}
}

@article{zimmerman1975,
	title = {Probability spaces, hilbert spaces, and the axioms of test theory},
	author = {Zimmerman, Donald W.},
	year = {1975},
	month = {09},
	date = {1975-09-01},
	journal = {Psychometrika},
	pages = {395--412},
	volume = {40},
	number = {3},
	doi = {10.1007/BF02291765},
	url = {https://doi.org/10.1007/BF02291765},
	langid = {en}
}

@article{r1999,
	title = {Public Domain, Personality Inventory Measuring the Lower-Level Facets of Several Five-Factor Models},
	author = {R, Goldberg L.},
	year = {1999},
	date = {1999},
	journal = {Personality Psychology in Europe},
	pages = {7--28},
	volume = {7},
	url = {https://cir.nii.ac.jp/crid/1571417125727416704},
	note = {Publisher: Tilburg University Press}
}

@article{goldberg1999,
	title = {Public Domain, Personality Inventory Measuring the Lower-Level Facets of Several Five-Factor Models},
	author = {Goldberg, Lewis},
	year = {1999},
	date = {1999},
	journal = {Personality Psychology in Europe},
	pages = {7--28},
	volume = {7},
	url = {https://cir.nii.ac.jp/crid/1571417125727416704},
	note = {Publisher: Tilburg University Press}
}

@inbook{revelle2010,
	title = {Individual Differences in Cognition: New Methods for Examining the Personality-Cognition Link},
	author = {Revelle, William and Wilt, Joshua and Rosenthal, Allen},
	editor = {Gruszka, Aleksandra and Matthews, Gerald and Szymura, Blazej},
	year = {2010},
	date = {2010},
	publisher = {Springer},
	pages = {27--49},
	doi = {10.1007/978-1-4419-1210-7_2},
	url = {https://doi.org/10.1007/978-1-4419-1210-7_2},
	note = {DOI: 10.1007/978-1-4419-1210-7{\_}2},
	address = {New York, NY},
	langid = {en}
}

@article{bonett2008,
	title = {Meta-analytic interval estimation for bivariate correlations.},
	author = {Bonett, Douglas G.},
	year = {2008},
	date = {2008},
	journal = {Psychological Methods},
	pages = {173--181},
	volume = {13},
	number = {3},
	doi = {10.1037/a0012868},
	url = {https://doi.apa.org/doi/10.1037/a0012868},
	langid = {en}
}


  @Manual{missRanger,
    title = {missRanger: Fast Imputation of Missing Values},
    author = {Michael Mayer},
    year = {2023},
    note = {R package version 2.4.0},
    url = {https://CRAN.R-project.org/package=missRanger},
  }

@book{enders2022,
	title = {Applied Missing Data Analysis},
	author = {Enders, Craig K.},
	year = {2022},
	month = {07},
	date = {2022-07-01},
	publisher = {Guilford Publications},
	note = {Google-Books-ID: uHt4EAAAQBAJ},
	langid = {en}
}


@book{van2018flexible,
  title={Flexible imputation of missing data},
  author={Van Buuren, Stef},
  year={2018},
  publisher={CRC press}
}
